<?xml version="1.0" encoding="UTF-8"?><collection xmlns="http://www.loc.gov/MARC21/slim"><record><leader>00442nam--2200169-i-4500</leader><controlfield tag="001">000020979</controlfield><controlfield tag="002">20161230</controlfield><controlfield tag="005">20161230201033</controlfield><controlfield tag="008">060222s1000------------r-----000-0-eng-d</controlfield><datafield ind1=" " ind2=" " tag="020"><subfield code="a">0-14-017</subfield></datafield><datafield ind1=" " ind2=" " tag="040"><subfield code="a">IFIN-HH</subfield></datafield><datafield ind1=" " ind2=" " tag="080"><subfield code="a">517.957</subfield></datafield><datafield ind1=" " ind2=" " tag="100"><subfield code="a">Waldrop, Mitchell, M</subfield></datafield><datafield ind1=" " ind2=" " tag="245"><subfield code="a">Complexity. the emerging science at the edge off order and chaos</subfield></datafield><datafield ind1=" " ind2=" " tag="260"><subfield code="a">LONDON, 1994. 380p</subfield></datafield><datafield ind1=" " ind2=" " tag="852"><subfield code="a">80279</subfield><subfield code="c">517.9</subfield></datafield><datafield ind1=" " ind2=" " tag="CAT"><subfield code="a">Sys</subfield><subfield code="c">20090609</subfield><subfield code="h">085055</subfield></datafield></record></collection>